<record xmlns="http://www.loc.gov/MARC21/slim" xmlns:xsi="http://www.w3.org/2001/XMLSchema-instance" xsi:schemaLocation="http://www.loc.gov/MARC21/slim http://www.loc.gov/standards/marcxml/schema/MARC21slim.xsd"><leader>01789nam a2200325   4500</leader><controlfield tag="001">3077363</controlfield><controlfield tag="003">NNC</controlfield><controlfield tag="006">m        d        </controlfield><controlfield tag="007">cr cn |||m|||a</controlfield><controlfield tag="008">150110s1913    ua a    o     000 0 ara d</controlfield><datafield ind1=" " ind2=" " tag="040"><subfield code="a">NNU</subfield><subfield code="b">eng</subfield><subfield code="c">NNU</subfield></datafield><datafield ind1="1" ind2=" " tag="100"><subfield code="6">880-01</subfield><subfield code="a">Ghad&#803;ba&#772;n, Ilya&#772;s.</subfield></datafield><datafield ind1="1" ind2="0" tag="245"><subfield code="6">880-02</subfield><subfield code="a">Qa&#772;nu&#772;n al-zawa&#772;j</subfield><subfield code="h">[electronic resource] :</subfield><subfield code="b">la&#772; yastaghni&#772; &#699;anhu t&#803;ulla&#772;b al-zawa&#772;j wa-al-mutazawwiju&#772;n. Yah&#803;tawi&#772; &#699;ala&#769; nawa&#772;mi&#772;s al-zawa&#772;j al-t&#803;ibi&#772; &#699;i&#772;yah washuru&#772;t&#803;ihi al-s&#803;ih&#803;h&#803;i&#772;yah wa-al-fisyuluji&#772;yah ...</subfield><subfield code="c">Biqalam Ilya&#772;s al-Ghad&#803;ba&#772;n.</subfield></datafield><datafield ind1=" " ind2=" " tag="260"><subfield code="6">880-03</subfield><subfield code="a">Mis&#803;r :</subfield><subfield code="b">Mat&#803;ba&#699;at al-Hila&#772;l,</subfield><subfield code="c">[1913].</subfield></datafield><datafield ind1=" " ind2=" " tag="300"><subfield code="a">online resource (523 p.) :</subfield><subfield code="b">diagrs.</subfield></datafield><datafield ind1=" " ind2=" " tag="500"><subfield code="a">Part of the Arabic Collections Online (ACO) project, contributed by Columbia University Libraries.</subfield></datafield><datafield ind1=" " ind2=" " tag="533"><subfield code="a">Electronic reproduction.</subfield><subfield code="b">New York, N.Y. :</subfield><subfield code="c">New York University,</subfield><subfield code="d">2015.</subfield><subfield code="5">NNU</subfield></datafield><datafield ind1=" " ind2="0" tag="650"><subfield code="a">Marriage.</subfield></datafield><datafield ind1=" " ind2="0" tag="650"><subfield code="a">Sexual health.</subfield></datafield><datafield ind1=" " ind2="7" tag="650"><subfield code="a">Marriage.</subfield><subfield code="2">fast</subfield><subfield code="0">(OCoLC)fst01010443</subfield></datafield><datafield ind1=" " ind2="7" tag="650"><subfield code="a">Sexual health.</subfield><subfield code="2">fast</subfield><subfield code="0">(OCoLC)fst01754480</subfield></datafield><datafield ind1="2" ind2=" " tag="710"><subfield code="a">Columbia University.</subfield><subfield code="b">Libraries.</subfield></datafield><datafield ind1="0" ind2=" " tag="730"><subfield code="a">Arabic Collections Online.</subfield></datafield><datafield ind1="0" ind2="8" tag="776"><subfield code="i">Print version:</subfield><subfield code="a">Ghad&#803;ba&#772;n, Ilya&#772;s.</subfield><subfield code="t">Qa&#772;nu&#772;n al-zawa&#772;j</subfield><subfield code="w">(NNC)3077363</subfield><subfield code="w">(OCoLC)47883173</subfield></datafield><datafield ind1="4" ind2="0" tag="856"><subfield code="u">http://hdl.handle.net/2333.1/s4mw6p7c</subfield></datafield><datafield ind1="1" ind2=" " tag="880"><subfield code="6">100-01/r</subfield><subfield code="a">&#1594;&#1590;&#1576;&#1575;&#1606;&#1548; &#1575;&#1604;&#1610;&#1575;&#1587;.</subfield></datafield><datafield ind1="1" ind2="0" tag="880"><subfield code="6">245-02/r</subfield><subfield code="a">&#1602;&#1575;&#1606;&#1608;&#1606; &#1575;&#1604;&#1586;&#1608;&#1575;&#1580; :</subfield><subfield code="b">&#1604;&#1575; &#1610;&#1587;&#1578;&#1594;&#1606;&#1610; &#1593;&#1606;&#1607; &#1591;&#1604;&#1575;&#1576; &#1575;&#1604;&#1586;&#1608;&#1575;&#1580; &#1608;&#1575;&#1604;&#1605;&#1578;&#1586;&#1608;&#1580;&#1608;&#1606;. &#1610;&#1581;&#1578;&#1608;&#1610; &#1593;&#1604;&#1609; &#1606;&#1608;&#1575;&#1605;&#1610;&#1587; &#1575;&#1604;&#1586;&#1608;&#1575;&#1580; &#1575;&#1604;&#1591;&#1576;&#1610; &#1593;&#1610;&#1577; &#1608;&#1588;&#1585;&#1608;&#1591;&#1607; &#1575;&#1604;&#1589;&#1581;&#1610;&#1577; &#1608;&#1575;&#1604;&#1601;&#1587;&#1610;&#1604;&#1580;&#1610;&#1577; ...</subfield><subfield code="c">&#1576;&#1602;&#1604;&#1605; &#1575;&#1604;&#1610;&#1575;&#1587; &#1575;&#1604;&#1594;&#1590;&#1576;&#1575;&#1606;.</subfield></datafield><datafield ind1=" " ind2=" " tag="880"><subfield code="6">260-03/r</subfield><subfield code="a">&#1605;&#1589;&#1585; :</subfield><subfield code="b">&#1605;&#1591;&#1576;&#1593;&#1577; &#1575;&#1604;&#1607;&#1604;&#1575;&#1604;&#1548;</subfield><subfield code="c">[1913].</subfield></datafield><datafield ind1=" " ind2=" " tag="959"><subfield code="a">NNU</subfield><subfield code="b">WEB</subfield><subfield code="c">GENI</subfield><subfield code="t">0</subfield><subfield code="m">Electronic access</subfield><subfield code="s">01</subfield></datafield><datafield ind1=" " ind2=" " tag="999"><subfield code="i">NNC_3077363</subfield><subfield code="o">(OCoLC)47883173</subfield></datafield></record>